<?xml version="1.0" encoding="UTF-8"?><collection xmlns="http://www.loc.gov/MARC21/slim"><record><leader>00422nam--2200145-i-4500</leader><controlfield tag="001">000048874</controlfield><controlfield tag="002">20161230</controlfield><controlfield tag="005">20170125231745</controlfield><controlfield tag="008">060222s1000------------r-----000-0-eng-d</controlfield><datafield ind1=" " ind2=" " tag="245"><subfield code="a">The radio handbook. The standard of the field, for advaned amateurs ..</subfield></datafield><datafield ind1=" " ind2=" " tag="260"><subfield code="a">Summerland, Calif</subfield><subfield code="b">Editors And Engineers Ltd</subfield><subfield code="c">1956</subfield></datafield><datafield ind1=" " ind2=" " tag="300"><subfield code="a">761 p.+/5 p.</subfield></datafield><datafield ind1=" " ind2=" " tag="700"><subfield code="a">Orr, Williami</subfield></datafield><datafield ind1=" " ind2=" " tag="852"><subfield code="a">12844</subfield></datafield><datafield ind1=" " ind2=" " tag="CAT"><subfield code="a">SYS</subfield><subfield code="c">20170125</subfield><subfield code="h">231745</subfield></datafield></record></collection>